@article{settles2009active,
  title={Active learning literature survey},
  author={Settles, Burr},
  year={2009},
  publisher={University of Wisconsin-Madison Department of Computer Sciences}
}

@inproceedings{baum1992query,
  title={Query learning can work poorly when a human oracle is used},
  author={Baum, Eric B and Lang, Kenneth},
  booktitle={International joint conference on neural networks},
  volume={8},
  pages={8},
  year={1992}
}